@techreport{mckinsey2019industrial,
  title={Industrial Robotics: Insights into the Sector's Future Growth Dynamics},
  author={{McKinsey \& Company}},
  year={2019},
  institution={McKinsey \& Company},
  url={https://www.mckinsey.com/business-functions/operations/our-insights/industrial-robotics-insights-into-the-sectors-future-growth-dynamics}
}

@misc{standardbots2025fanucprice,
  author = {{Standard Bots}},
  title = {FANUC robot prices: Cost, models, and buying insights in 2025},
  year = {2025},
  publisher = {Standard Bots},
  url = {https://standardbots.com/blog/fanuc-robot-price}
}

@misc{patentpc2025toprobotics,
  author = {{PatentPC}},
  title = {Top Robotics Vendors by Market Share \& Installations},
  year = {2025},
  month = {September},
  publisher = {PatentPC},
  url = {https://patentpc.com/blog/top-robotics-vendors-by-market-share-installations}
}

@article{sutton1988learning,
  title={Learning to Predict by the Methods of Temporal Differences},
  author={Sutton, Richard S.},
  journal={Machine Learning},
  volume={3},
  number={1},
  pages={9--44},
  year={1988},
  publisher={Springer}
}

@article{russo2021task,
  title = {Task-oriented optimal dimensional synthesis of robotic manipulators with limited mobility},
  author = {Russo, M and Raimondi, L and Dong, X and Axinte, D},
  journal = {Robotics and Computer-Integrated Manufacturing},
  volume = {69},
  pages = {102098},
  year = {2021},
  publisher = {Elsevier}
}

@article{he2019underactuated,
  title={Underactuated Robotics: A Review},
  author={He, Bin and Wang, Shuai and Liu, Yong},
  journal={International Journal of Advanced Robotic Systems},
  volume={16},
  number={4},
  pages={1--14},
  year={2019},
  publisher={SAGE Publications},
  doi={10.1177/1729881419862164}
}

@article{schulman2017proximal,
  title={Proximal Policy Optimization Algorithms},
  author={Schulman, John and Wolski, Felipe and Dhariwal, Prafulla and Radford, Alec and Klimov, Oleg},
  journal={arXiv preprint arXiv:1707.06347},
  year={2017}
}

@article{delgado2022robotics,
  title={Robotics in construction: A critical review of the reinforcement learning and imitation learning paradigms},
  author={Delgado, Juan Manuel Davila and Oyedele, Lukumon},
  journal={Advanced Engineering Informatics},
  volume={54},
  pages={101787},
  year={2022},
  publisher={Elsevier},
  doi={10.1016/j.aei.2022.101787}
}

@article{kober2013reinforcement,
  title={Reinforcement Learning in Robotics: A Survey},
  author={Kober, Jens and Bagnell, J. Andrew and Peters, Jan},
  journal={The International Journal of Robotics Research},
  volume={32},
  number={11},
  pages={1238--1274},
  year={2013},
  publisher={SAGE Publications},
  doi={10.1177/0278364913495721}
}

@article{ding2024modular,
  title={A Modular Robotic Arm Configuration Design Method Based on Double DQN with Prioritized Experience Replay},
  author={Ding, Ziyan and Tang, Haijun and Wan, Haiying and Zhang, Chengxi and Sun, Ran},
  journal={Symmetry},
  volume={16},
  number={6},
  pages={714},
  year={2024},
  publisher={MDPI},
  doi={10.3390/sym16060714},
  url={https://www.mdpi.com/2073-8994/16/6/714}
}

@article{hafner2019dream,
  title={Dream to Control: Learning Behaviors by Latent Imagination},
  author={Hafner, Danijar and Lillicrap, Timothy and Fischer, Ian and Villegas, Ruben and Ha, David and Lee, Honglak and Davidson, James},
  journal={arXiv preprint arXiv:1912.01603},
  year={2019}
}

@article{bhatia2023reinforcement,
  title={Reinforcement Learning for Freeform Robot Design},
  author={Bhatia, Jagdeep and others},
  journal={arXiv preprint arXiv:2310.05670},
  year={2023}
}

@inproceedings{tjanaka2023co,
  title={Co-optimization of Morphology and Behavior of Modular Robots via Hierarchical Deep Reinforcement Learning},
  author={Tjanaka, Bryon and others},
  booktitle={Robotics: Science and Systems (RSS)},
  year={2023}
}

@article{spielberg2025accelerated,
  title={Accelerated Co-Design of Robots through Morphological Pretraining},
  author={Spielberg, Andrew and others},
  journal={arXiv preprint arXiv:2502.10862},
  year={2025}
}

@article{kalimuthu2023,
  author = {Kalimuthu, Manivannan and Hayat, Abdullah Aamir and Pathmakumar, Thejus and Elara, Mohan Rajesh and Wood, Kristin Lee},
  title = {A Deep Reinforcement Learning Approach to Optimal Morphologies Generation in Reconfigurable Tiling Robots},
  journal = {Mathematics},
  volume = {11},
  number = {18},
  pages = {3893},
  year = {2023},
  doi = {10.3390/math11183893},
  publisher = {MDPI}
}

@inproceedings{luck2019data,
  title={Data-efficient Co-Adaptation of Morphology and Behaviour with Deep Reinforcement Learning},
  author={Luck, Kevin Sebastian and Amor, Heni Ben and Calandra, Roberto and Peters, Jan},
  booktitle={Conference on Robot Learning (CoRL)},
  year={2019}
}

@article{yoshikawa1985manipulability,
  title={Manipulability of Robotic Mechanisms},
  author={Yoshikawa, Tsuneo},
  journal={The International Journal of Robotics Research},
  volume={4},
  number={2},
  pages={3--9},
  year={1985},
  publisher={SAGE Publications},
  doi={10.1177/027836498500400201}
}

@article{schulman2015high,
  title={High-Dimensional Continuous Control Using Generalized Advantage Estimation},
  author={Schulman, John and Moritz, Philipp and Levine, Sergey and Jordan, Michael I. and Abbeel, Pieter},
  journal={arXiv preprint arXiv:1506.02438},
  year={2015}
}